<?xml version="1.0" encoding="UTF-8"?><collection xmlns="http://www.loc.gov/MARC21/slim"><record><leader>00584nam--2200181-u-4500</leader><controlfield tag="001">000054418</controlfield><controlfield tag="002">20161230</controlfield><controlfield tag="005">20170219235135</controlfield><controlfield tag="008">111208s1000------------r-----000-0-eng-d</controlfield><datafield ind1=" " ind2=" " tag="040"><subfield code="a">IFIN-HH</subfield></datafield><datafield ind1=" " ind2=" " tag="080"><subfield code="a">539.12.162.8(061.3)</subfield></datafield><datafield ind1="1" ind2=" " tag="100"><subfield code="a">Das, T</subfield></datafield><datafield ind1="1" ind2="0" tag="245"><subfield code="a">Proceedings of the v high energy physics symposium, Department of Physics, Univeristy of Cochin, december 26-30,1980</subfield><subfield code="c">T.Das, L.K. Pandit (eds.)</subfield></datafield><datafield ind1=" " ind2=" " tag="260"><subfield code="a">Bombay</subfield><subfield code="b">Tata Institute Of Fundamental Research</subfield><subfield code="c">1980</subfield></datafield><datafield ind1=" " ind2=" " tag="300"><subfield code="a">454 p</subfield></datafield><datafield ind1="1" ind2=" " tag="700"><subfield code="a">Pandit, L. K</subfield><subfield code="e">Ed</subfield></datafield><datafield ind1=" " ind2=" " tag="852"><subfield code="a">49430</subfield><subfield code="c">539.12</subfield></datafield><datafield ind1=" " ind2=" " tag="CAT"><subfield code="a">SYS</subfield><subfield code="c">20170219</subfield><subfield code="h">235135</subfield></datafield></record></collection>